% Encoding: UTF-8

@STRING{dke = {Data \& Knowledge Engineering}}

@STRING{joop = {Journal of Object-Oriented Programming}}

@STRING{lnai = {Lecture Notes in Artificial Intelligence}}

@STRING{lncs = {Lecture Notes in Computer Science}}

@STRING{mibi = {Medizinische Informatik und Bioinformatik}}

@STRING{tkde = {IEEE Transactions on Knowledge and Data Engineering}}

@STRING{tods = {ACM Transactions on Database Systems}}

@STRING{tois = {ACM Transactions on Information Systems}}

@InProceedings{KaliszykKMR16,
  author    = {Cezary Kaliszyk and Michael Kohlhase and Dennis M{\"{u}}ller and Florian Rabe},
  title     = {A Standard for Aligning Mathematical Concepts},
  booktitle = {Joint Proceedings of the FM4M, MathUI, and ThEdu Workshops, Doctoral Program, and Work in Progress at the Conference on Intelligent Computer Mathematics 2016 co-located with the 9th Conference on Intelligent Computer Mathematics {(CICM} 2016), Bialystok, Poland, July 25-29, 2016.},
  year      = {2016},
  editor    = {Andrea Kohlhase and Paul Libbrecht and Bruce R. Miller and Adam Naumowicz and Walther Neuper and Pedro Quaresma and Frank Wm. Tompa and Martin Suda},
  volume    = {1785},
  series    = {{CEUR} Workshop Proceedings},
  pages     = {229--244},
  publisher = {CEUR-WS.org},
  bibsource = {dblp computer science bibliography, https://dblp.org},
  biburl    = {https://dblp.org/rec/bib/conf/cikm/KaliszykKMR16},
  timestamp = {Fri, 27 Jan 2017 10:38:33 +0100},
  url       = {http://ceur-ws.org/Vol-1785/W24.pdf},
}

@InProceedings{Schubotz18c,
  author    = {Moritz Schubotz},
  title     = {VMEXT2: A Visual Wikidata aware Content MathML Editor},
  booktitle = {Joint Proceedings of the CME-EI, FMM, CAAT, FVPS, M3SRD, OpenMath Workshops, Doctoral Program and Work in Progress at the Conference on Intelligent Computer Mathematics 2018 co-located with the 11th Conference on Intelligent Computer Mathematics (CICM 2018)},
  year      = {2018},
  editor    = {Osman Hasan and Abdou Youssef and Adam Naumowicz and William Farmer and Cezary Kaliszyk and Diane Gallois-Wong and Florian Rabe and Gabriel Dos Reis and Grant Passmore and James Davenport and Markus Pfeiffer and Michael Kohlhase and Serge Autexier and Sofiene Tahar and Thomas Koprucki and Umair Siddique and Walther Neuper and Wolfgang Windsteiger and Wolfgang Schreiner and Wolfram Sperber and Zoltán Kovács},
  owner     = {isg},
  timestamp = {2018.08.11},
}

@InProceedings{NTCIR12,
  author    = {Akiko Aizawa and Michael Kohlhase and Iadh Ounis and Richard Zanibbi},
  title     = {{NTCIR-12} Math-3 Task Overview},
  booktitle = {NTCIR},
  year      = {2016},
  publisher = {National Institute of Informatics {(NII)}},
  file      = {:NTCIR12.pdf:PDF},
  groups    = {phd-m},
  owner     = {Moritz},
  timestamp = {2016.11.14},
}

@InProceedings{GreinerPetter2018,
  author    = {Greiner-Petter, Andr{\'e} and Schubotz, Moritz and Cohl, Howard~S. and Gipp, Bela},
  title     = {MathTools: An Open API for Convenient MathML Handling},
  booktitle = {11th Conference on Intelligent Computer Mathematics CICM, RISC, Hagenberg, Austria},
  year      = {2018},
  address   = {RISC, Hagenberg, Austria},
  month     = {8},
  keywords  = {schubotzCV},
}

@InProceedings{disCicm15,
  author     = {Howard S. Cohl and Moritz Schubotz and Marjorie A. McClain and Bonita V. Saunders and Cherry Y. Zou and Azeem S. Mohammed and Alex A. Danoff},
  title      = {{Growing the Digital Repository of Mathematical Formulae with Generic \LaTeX\ Sources}},
  booktitle  = {Intelligent Computer Mathematics, Lecture Notes in Artificial Intelligence 9150},
  year       = {2015},
  editor     = {Manfred Kerber and Jacques Carette and Cezary Kaliszyk and Florian Rabe and Volker Sorge},
  volume     = {9150},
  series     = {LNCS},
  pages      = {280--287},
  publisher  = {Springer},
  bibsource  = {dblp computer science bibliography, http://dblp.org},
  biburl     = {http://dblp.uni-trier.de/rec/bib/conf/mkm/CohlSMSZMD15},
  doi        = {10.1007/978-3-319-20615-8_18},
  file       = {:disCicm15.pdf:PDF},
  groups     = {phd-m},
  keywords   = {schubotzCV},
  owner      = {Moritz},
  shorttitle = {{Growing the \gls{drmf} with Generic \LaTeX\ Sources}},
  timestamp  = {2016.09.04},
}

@Misc{dlmf,
  title        = {{\it NIST Digital Library of Mathematical Functions}},
  howpublished = {\url{http://dlmf.nist.gov/}, Release 1.0.14 of 2017-12-21},
  year         = {2017},
  note         = {F.W.J. Olver, A.B. {Olde Daalhuis}, D.W. Lozier, B.I. Schneider, R.F. Boisvert, C.W. Clark, B.R. Miller and B.V. Saunders, eds.},
  editor       = {F.W.J. Olver and A.B. {Olde Daalhuis} and D.W. Lozier and B.I. Schneider and R.F. Boisvert and C.W. Clark and B.R. Miller and B.V. Saunders},
  key          = {{\relax DLMF}},
  owner        = {Moritz},
  timestamp    = {2017.03.30},
  url          = {http://dlmf.nist.gov},
}

@InProceedings{ScharpfSG18,
  author    = {Philipp Scharpf and Moritz Schubotz and Bela Gipp},
  title     = {Representing Mathematical Formulae in Content MathML using Wikidata},
  booktitle = {Proceedings of the 3rd Joint Workshop on Bibliometric-enhanced Information Retrieval and Natural Language Processing for Digital Libraries {(BIRNDL} 2018) co-located with the 41st International {ACM} {SIGIR} Conference on Research and Development in Information Retrieval {(SIGIR} 2018), Ann Arbor, USA, July 12, 2018.},
  year      = {2018},
  editor    = {Philipp Mayr and Muthu Kumar Chandrasekaran and Kokil Jaidka},
  volume    = {2132},
  series    = {{CEUR} Workshop Proceedings},
  pages     = {46--59},
  publisher = {CEUR-WS.org},
  bibsource = {dblp computer science bibliography, https://dblp.org},
  biburl    = {https://dblp.org/rec/bib/conf/sigir/ScharpfSG18},
  file      = {:ScharpfSG18.pdf:PDF},
  timestamp = {Mon, 09 Jul 2018 18:23:12 +0200},
  url       = {http://ceur-ws.org/Vol-2132/paper5.pdf},
}

@InProceedings{Mueller17,
  author    = {Dennis M{\"{u}}ller and Colin Rothgang and Yufei Liu and Florian Rabe},
  title     = {Alignment-based Translations Across Formal Systems using Interface Theories},
  booktitle = {Proceedings of the Fifth Workshop on Proof eXchange for Theorem Proving, PxTP 2017, Brasilia, Brazil, 23-24 September 2017.},
  year      = {2017},
  editor    = {Catherine Dubois and Bruno Woltzenlogel Paleo},
  volume    = {262},
  series    = {{EPTCS}},
  pages     = {77--93},
  bibsource = {dblp computer science bibliography, https://dblp.org},
  biburl    = {https://dblp.org/rec/bib/journals/corr/abs-1712-01489},
  doi       = {10.4204/EPTCS.262.7},
  timestamp = {Mon, 05 Mar 2018 16:09:26 +0100},
  url       = {https://doi.org/10.4204/EPTCS.262.7},
}

@Other{Miller,
  author       = {Miller, Bruce},
  title        = {{\texttt{LaTeXML}}: A {\LaTeX} to {XML/HTML/MathML} Converter},
  howpublished = {Web Manual at \url{http://dlmf.nist.gov/LaTeXML/}},
  note         = {Seen {2018}.},
  groups       = {phd-m},
  owner        = {Moritz},
  timestamp    = {2016.09.06},
  url          = {http://dlmf.nist.gov/LaTeXML/},
}

@InProceedings{Schubotz2018a,
  author    = {Schubotz, Moritz and Scharpf, Philipp and Dudhat, Kaushal and Nagar, Yash and Hamborg, Felix and Gipp, Bela},
  title     = {Introducing MathQA - A Math-Aware Question Answering System},
  booktitle = {Proceedings of the ACM/IEEE-CS Joint Conference on Digital Libraries (JCDL), Workshop on Knowledge Discovery},
  year      = {2018},
  address   = {Fort Worth, USA},
  month     = {6},
  keywords  = {schubotzCV},
}

@InProceedings{disNtcir11Ov,
  author    = {Aizawa, Akiko and Kohlhase, Michael and Ounis, Iadh and Schubotz, Moritz},
  title     = {{NTCIR-11} Math-2 Task Overview},
  booktitle = {Proceedings of the 11th {NTCIR} Conference on Evaluation of Information Access Technologies, NTCIR-11, National Center of Sciences, Tokyo, Japan, December 9-12, 2014},
  year      = {2014},
  pages     = {88--98},
  publisher = {National Institute of Informatics {(NII)}},
  abstract  = {This paper presents an overview of the NTCIR-11 Math-2 Task, which
	is specifically dedicated to information access to mathematical content.
	In particular, the paper summarizes the task design, analysis of
	the submitted runs, and the main approaches deployed by the participating
	groups. It also contains an introduction to the optional free Wikipediasubtask,
	a newly introduced mathematical retrieval task using Wikipedia articles.},
  biburl    = {https://dblp.org/rec/bib/conf/ntcir/AizawaKOS14},
  file      = {:01-NTCIR11-OV-MATH-AizawaA.pdf:PDF},
  groups    = {GuidiReview, phd-m},
  keywords  = {content, information access to mathematical, mathml, schubotzCV, conference, NTCIR},
  owner     = {Moritz},
  timestamp = {2016.09.04},
  url       = {http://research.nii.ac.jp/ntcir/workshop/OnlineProceedings11/pdf/NTCIR/OVERVIEW/01-NTCIR11-OV-MATH-AizawaA.pdf},
}

@Article{aizawa2013ntcir,
  author          = {Aizawa, Akiko and Kohlhase, Michael and Ounis, Iadh},
  title           = {{NTCIR-10 Math Pilot Task Overview}},
  year            = {2013},
  pages           = {654--661},
  abstract        = {This paper presents an overview of a new pilot task, the NTCIR Math
	Task, which is specifically dedicated to information access to mathematical
	content. In particular, the paper summarizes the subtasks addressed
	at the NTCIR Math Task as well as the main approaches deployed by
	the participating groups.},
  booktitle       = {Proceedings of the 10\textsuperscript{th} NTCIR Conference on Evaluation of Information Access Technologies},
  file            = {:aizawa2013ntcir.pdf:PDF},
  groups          = {GuidiReview, phd-m},
  journaltitle    = {Proceedings of the 10th NTCIR Conference on Evaluation of Information Access Technologies},
  keywords        = {content,information access to mathematical,mathml,top},
  location        = {Tokyo, Japan},
  mendeley-groups = {dbpro,SIGIR16},
  owner           = {Moritz},
  timestamp       = {2016.09.07},
}

@InProceedings{MullerGKKR17,
  author    = {Dennis M{\"{u}}ller and Thibault Gauthier and Cezary Kaliszyk and Michael Kohlhase and Florian Rabe},
  title     = {Classification of Alignments Between Concepts of Formal Mathematical Systems},
  booktitle = {Intelligent Computer Mathematics - 10th International Conference, {CICM} 2017, Edinburgh, UK, July 17-21, 2017, Proceedings},
  year      = {2017},
  editor    = {Herman Geuvers and Matthew England and Osman Hasan and Florian Rabe and Olaf Teschke},
  volume    = {10383},
  series    = {Lecture Notes in Computer Science},
  pages     = {83--98},
  publisher = {Springer},
  bibsource = {dblp computer science bibliography, https://dblp.org},
  biburl    = {https://dblp.org/rec/bib/conf/mkm/MullerGKKR17},
  doi       = {10.1007/978-3-319-62075-6\_7},
  timestamp = {Wed, 28 Jun 2017 13:10:13 +0200},
  url       = {https://doi.org/10.1007/978-3-319-62075-6\_7},
}

@InProceedings{SchubotzGSMCG18,
  author    = {Moritz Schubotz and Andr{\'{e}} Greiner{-}Petter and Philipp Scharpf and Norman Meuschke and Howard S. Cohl and Bela Gipp},
  title     = {Improving the Representation and Conversion of Mathematical Formulae by Considering their Textual Context},
  booktitle = {Proceedings of the 18th {ACM/IEEE} on Joint Conference on Digital Libraries, {JCDL} 2018, Fort Worth, TX, USA, June 03-07, 2018},
  year      = {2018},
  editor    = {Jiangping Chen and Marcos Andr{\'{e}} Gon{\c{c}}alves and Jeff M. Allen and Edward A. Fox and Min{-}Yen Kan and Vivien Petras},
  pages     = {233--242},
  publisher = {{ACM}},
  bibsource = {dblp computer science bibliography, https://dblp.org},
  biburl    = {https://dblp.org/rec/bib/conf/jcdl/SchubotzGSMCG18},
  doi       = {10.1145/3197026.3197058},
  keywords  = {SchubotzCV},
  preprint  = {https://arxiv.org/pdf/1804.04956.pdf},
  timestamp = {Mon, 04 Jun 2018 08:58:55 +0200},
  url       = {http://doi.acm.org/10.1145/3197026.3197058},
}

@Comment{jabref-meta: databaseType:bibtex;}
